@article{Reference1,
	Abstract = {Manual de uso del paquete TikZ, utilizado para redactar este documento.},
	Author = {Nicolas Kielbasiewicz},
	Journal = {Review of Scientific Instruments},
	Month = {3},
	Number = {29},
	Numpages = {71},
	Pages = {6-28},
	Title = {The TikZ-UML package},
	Volume = {72},
	Url = {https://perso.ensta-paris.fr/~kielbasi/tikzuml/var/files/doc/tikzumlmanual.pdf},
	Year = {2016}}